<record><leader>00000cas a22000007a 4500</leader><controlfield tag="001">13103530</controlfield><controlfield tag="008">860204d19531953wiuwr ne      0    0eng d</controlfield><datafield ind1=" " ind2=" " tag="010"><subfield code="a">sn 86086091 </subfield></datafield><datafield ind1=" " ind2=" " tag="040"><subfield code="a">NPV</subfield><subfield code="b">eng</subfield><subfield code="c">NPV</subfield><subfield code="d">OCLCQ</subfield></datafield><datafield ind1=" " ind2=" " tag="042"><subfield code="a">msc</subfield></datafield><datafield ind1=" " ind2=" " tag="045"><subfield code="a">x5x5</subfield></datafield><datafield ind1=" " ind2=" " tag="052"><subfield code="a">4123</subfield><subfield code="b">B7</subfield></datafield><datafield ind1="0" ind2="4" tag="245"><subfield code="a">The Denmark press and the Dairyland review.</subfield></datafield><datafield ind1="1" ind2="3" tag="246"><subfield code="a">Denmark press</subfield></datafield><datafield ind1="1" ind2="3" tag="246"><subfield code="a">Dairyland review</subfield></datafield><datafield ind1=" " ind2=" " tag="260"><subfield code="a">Denmark, Wis. :</subfield><subfield code="b">[Denmark Pub.],</subfield><subfield code="c">1953-1953.</subfield></datafield><datafield ind1=" " ind2=" " tag="300"><subfield code="a">v. :</subfield><subfield code="b">ill.</subfield></datafield><datafield ind1=" " ind2=" " tag="310"><subfield code="a">Weekly</subfield></datafield><datafield ind1="0" ind2=" " tag="362"><subfield code="a">Vol. 39, no. 13 (June 4, 1953)-v. 39, no 33 (Oct. 29, 1953).</subfield></datafield><datafield ind1=" " ind2=" " tag="500"><subfield code="a">Editors: F.A. &amp; A.L. Wood, June 18, 1953-Oct. 29, 1953.</subfield></datafield><datafield ind1=" " ind2=" " tag="530"><subfield code="a">Available on microfilm from The State Historical Society of Wisconsin.</subfield></datafield><datafield ind1=" " ind2=" " tag="752"><subfield code="a">United States</subfield><subfield code="b">Wisconsin</subfield><subfield code="c">Brown</subfield><subfield code="d">Denmark.</subfield></datafield><datafield ind1="0" ind2="0" tag="780"><subfield code="t">Dairyland review and the Denmark press</subfield><subfield code="w">(DLC)sn 86086090</subfield></datafield><datafield ind1="0" ind2="0" tag="785"><subfield code="t">Denmark press (Denmark, Wis. : 1953)</subfield><subfield code="w">(DLC)sn 86086092</subfield></datafield><datafield ind1="1" ind2=" " tag="029"><subfield code="a">AU@</subfield><subfield code="b">000025287403</subfield></datafield></record>